<?xml version="1.0" encoding="UTF-8"?><collection xmlns="http://www.loc.gov/MARC21/slim"><record><leader>00614nam--2200193-u-4500</leader><controlfield tag="001">000051668</controlfield><controlfield tag="002">20161230</controlfield><controlfield tag="005">20161230201049</controlfield><controlfield tag="008">080818s1000------------r-----000-0-eng-d</controlfield><datafield ind1=" " ind2=" " tag="020"><subfield code="a">0471303577</subfield></datafield><datafield ind1=" " ind2=" " tag="040"><subfield code="a">IFIN-HH</subfield></datafield><datafield ind1=" " ind2=" " tag="080"><subfield code="a">517.518.45</subfield></datafield><datafield ind1="1" ind2=" " tag="100"><subfield code="a">Wilson, Raymond G</subfield></datafield><datafield ind1="1" ind2=" " tag="245"><subfield code="a">Fourier Series and Optical Transform Techniques in Contemporary Optics:</subfield><subfield code="b">An Introduction</subfield><subfield code="c">Raymond G. Wilson: with contribution by Sean M. McCreary</subfield></datafield><datafield ind1=" " ind2=" " tag="260"><subfield code="a">New York</subfield><subfield code="b">John Wiley and Sons, INC</subfield><subfield code="c">1995</subfield></datafield><datafield ind1=" " ind2=" " tag="300"><subfield code="a">325 p</subfield></datafield><datafield ind1="1" ind2=" " tag="700"><subfield code="a">McCreary, Sean</subfield><subfield code="e">Contributor</subfield></datafield><datafield ind1=" " ind2=" " tag="852"><subfield code="a">81549</subfield><subfield code="c">517.5</subfield></datafield><datafield ind1=" " ind2=" " tag="CAT"><subfield code="a">Sys</subfield><subfield code="c">20110311</subfield><subfield code="h">105200</subfield></datafield></record></collection>